<?xml version="1.0" encoding="UTF-8"?><collection xmlns="http://www.loc.gov/MARC21/slim"><record><leader>00366nam--2200121-i-4500</leader><controlfield tag="001">000026688</controlfield><controlfield tag="002">20161230</controlfield><controlfield tag="005">20161230201036</controlfield><controlfield tag="008">060222s1000------------r-----000-0-eng-d</controlfield><datafield ind1=" " ind2=" " tag="080"><subfield code="a">621.039.83:57.088.6:63(061.3)</subfield></datafield><datafield ind1=" " ind2=" " tag="245"><subfield code="a">Isotopes and radiation in research on soil-plant relationships</subfield></datafield><datafield ind1=" " ind2=" " tag="260"><subfield code="a">Vienna,International Atomic Energy Agency, 1979. 660p</subfield></datafield><datafield ind1=" " ind2=" " tag="852"><subfield code="a">46983</subfield></datafield></record></collection>